@article{CKP91,
  author    = {Marek Chrobak and
               Howard J. Karloff and
               T. H. Payne and
               Sundar Vishwanathan},
  title     = {New Results on Server Problems},
  journal   = {SIAM J. Discrete Math.},
  volume    = {4},
  number    = {2},
  year      = {1991},
  pages     = {172-181},
  ee        = {http://dx.doi.org/10.1137/0404017},
  bibsource = {DBLP, http://dblp.uni-trier.de}
}

@article{Kou09,
  author    = {Elias Koutsoupias},
  title     = {The k-server problem},
  journal   = {Computer Science Review},
  volume    = {3},
  number    = {2},
  year      = {2009},
  pages     = {105-118},
  ee        = {http://dx.doi.org/10.1016/j.cosrev.2009.04.002},
  bibsource = {DBLP, http://dblp.uni-trier.de}
}

@inproceedings{MMS88,
  author    = {Mark S. Manasse and
               Lyle A. McGeoch and
               Daniel Dominic Sleator},
  title     = {Competitive Algorithms for On-line Problems},
  booktitle = {STOC},
  year      = {1988},
  pages     = {322-333},
  ee        = {http://doi.acm.org/10.1145/62212.62243},
  bibsource = {DBLP, http://dblp.uni-trier.de}
}

@inproceedings{BLS87,
  author    = {Allan Borodin and
               Nathan Linial and
               Michael E. Saks},
  title     = {An Optimal Online Algorithm for Metrical Task Systems},
  booktitle = {STOC},
  year      = {1987},
  pages     = {373-382},
  ee        = {http://doi.acm.org/10.1145/28395.28435},
  bibsource = {DBLP, http://dblp.uni-trier.de}
}

@article{BLS92,
  author    = {Allan Borodin and
               Nathan Linial and
               Michael E. Saks},
  title     = {An Optimal On-Line Algorithm for Metrical Task System},
  journal   = {J. ACM},
  volume    = {39},
  number    = {4},
  year      = {1992},
  pages     = {745-763},
  ee        = {http://doi.acm.org/10.1145/146585.146588},
  bibsource = {DBLP, http://dblp.uni-trier.de}
}

@article{CKPV91,
  author    = {Marek Chrobak and
               Howard J. Karloff and
               T. H. Payne and
               Sundar Vishwanathan},
  title     = {New Results on Server Problems},
  journal   = {SIAM J. Discrete Math.},
  volume    = {4},
  number    = {2},
  year      = {1991},
  pages     = {172-181},
  ee        = {http://dx.doi.org/10.1137/0404017},
  bibsource = {DBLP, http://dblp.uni-trier.de}
}

@article{CL91,
  author    = {Marek Chrobak and
               Lawrence L. Larmore},
  title     = {An Optimal On-Line Algorithm for k-Servers on Trees},
  journal   = {SIAM J. Comput.},
  volume    = {20},
  number    = {1},
  year      = {1991},
  pages     = {144-148},
  ee        = {http://dx.doi.org/10.1137/0220008},
  bibsource = {DBLP, http://dblp.uni-trier.de}
}

@article{CL94,
  author    = {Marek Chrobak and
               Lawrence L. Larmore},
  title     = {Generosity Helps or an 11-Competitive Algorithm for Three
               Servers},
  journal   = {J. Algorithms},
  volume    = {16},
  number    = {2},
  year      = {1994},
  pages     = {234-263},
  ee        = {http://dx.doi.org/10.1006/jagm.1994.1011},
  bibsource = {DBLP, http://dblp.uni-trier.de}
}

@inproceedings{KP94,
  author    = {Elias Koutsoupias and
               Christos H. Papadimitriou},
  title     = {Beyond Competitive Analysis},
  booktitle = {FOCS},
  year      = {1994},
  pages     = {394-400},
  ee        = {http://doi.ieeecomputersociety.org/10.1109/SFCS.1994.365677},
  bibsource = {DBLP, http://dblp.uni-trier.de}
}

@article{BCL02,
  author    = {Wolfgang W. Bein and
               Marek Chrobak and
               Lawrence L. Larmore},
  title     = {The 3-server problem in the plane},
  journal   = {Theor. Comput. Sci.},
  volume    = {289},
  number    = {1},
  year      = {2002},
  pages     = {335-354},
  ee        = {http://dx.doi.org/10.1016/S0304-3975(01)00305-X},
  bibsource = {DBLP, http://dblp.uni-trier.de}
}

@article{FRRS91,
  author    = {Amos Fiat and
               Yuval Rabani and
               Yiftach Ravid and
               Baruch Schieber},
  title     = {A deterministic $\mathcal{O}(k^3)$-competitive algorithm for the circle},
  year      = {1991},
  note      = {Manuscript}
}

@book{AMO-b,
  author    = {Ravindra K. Ahuja and
               Thomas L. Magnanti and
               James B. Orlin},
  title     = {Network flows - theory, algorithms and applications},
  publisher = {Prentice Hall},
  year      = {1993},
  isbn      = {978-0-13-617549-0},
  pages     = {I-XV, 1-846},
  bibsource = {DBLP, http://dblp.uni-trier.de}
}

@book{Tar-b,
 author = {Tarjan, Robert Endre},
 title = {Data Structures and Network Algorithms},
 year = {1983},
 isbn = {0-89871-187-8},
 publisher = {Society for Industrial and Applied Mathematics},
 address = {Philadelphia, PA, USA},
}